<record><leader>00000cas a22000007a 4500</leader><controlfield tag="001">12014937</controlfield><controlfield tag="008">850509d18791883nyudr ne      0    0eng d</controlfield><datafield ind1=" " ind2=" " tag="010"><subfield code="a">sn 85054473 </subfield></datafield><datafield ind1=" " ind2=" " tag="040"><subfield code="a">NYG</subfield><subfield code="b">eng</subfield><subfield code="c">NYG</subfield><subfield code="d">NPX</subfield><subfield code="d">DLC</subfield><subfield code="d">NYS</subfield><subfield code="d">NYG</subfield><subfield code="d">NYS</subfield><subfield code="d">OCLCQ</subfield><subfield code="d">OCLCF</subfield><subfield code="d">OCLCO</subfield></datafield><datafield ind1=" " ind2=" " tag="042"><subfield code="a">msc</subfield></datafield><datafield ind1="0" ind2=" " tag="130"><subfield code="a">Troy press (Troy, N.Y. : 1879)</subfield></datafield><datafield ind1="0" ind2="0" tag="245"><subfield code="a">Troy press.</subfield></datafield><datafield ind1="1" ind2="3" tag="246"><subfield code="a">Daily press</subfield></datafield><datafield ind1=" " ind2=" " tag="260"><subfield code="a">Troy, N.Y. :</subfield><subfield code="b">Jerome B. Parmenter,</subfield><subfield code="c">1879-1883.</subfield></datafield><datafield ind1=" " ind2=" " tag="300"><subfield code="a">5 v. ;</subfield><subfield code="c">70 cm.</subfield></datafield><datafield ind1=" " ind2=" " tag="310"><subfield code="a">Daily</subfield></datafield><datafield ind1="0" ind2=" " tag="362"><subfield code="a">Vol. 12 (May 29, 1879)-v. 16 (May 11, 1883).</subfield></datafield><datafield ind1=" " ind2="0" tag="651"><subfield code="a">Troy (N.Y.)</subfield><subfield code="v">Newspapers.</subfield></datafield><datafield ind1=" " ind2="7" tag="655"><subfield code="a">Newspapers.</subfield><subfield code="2">fast</subfield><subfield code="0">(OCoLC)fst01423814</subfield></datafield><datafield ind1=" " ind2="7" tag="651"><subfield code="a">New York (State)</subfield><subfield code="z">Troy.</subfield><subfield code="2">fast</subfield><subfield code="0">(OCoLC)fst01202806</subfield></datafield><datafield ind1=" " ind2=" " tag="752"><subfield code="a">United States</subfield><subfield code="b">New York</subfield><subfield code="c">Rensselaer</subfield><subfield code="d">Troy.</subfield></datafield><datafield ind1="0" ind2=" " tag="775"><subfield code="t">Troy weekly press</subfield><subfield code="w">(DLC)sn 89071400</subfield><subfield code="w">(OCoLC)20437039</subfield></datafield><datafield ind1="0" ind2="0" tag="780"><subfield code="t">Troy daily press (Troy, N.Y. : 1863)</subfield><subfield code="w">(DLC)sn 84031629</subfield><subfield code="w">(OCoLC)11191283</subfield></datafield><datafield ind1="0" ind2="0" tag="785"><subfield code="t">Troy daily press (Troy, N.Y. : 1883)</subfield><subfield code="w">(DLC)sn 86071087</subfield><subfield code="w">(OCoLC)13111881</subfield></datafield></record>